<?xml version="1.0" encoding="UTF-8"?><collection xmlns="http://www.loc.gov/MARC21/slim"><record><leader>00545nam--2200193-i-4500</leader><controlfield tag="001">000039058</controlfield><controlfield tag="002">20161230</controlfield><controlfield tag="005">20161230201042</controlfield><controlfield tag="008">060222s1000------------r-----000-0-eng-d</controlfield><datafield ind1=" " ind2=" " tag="040"><subfield code="a">IFIN-HH</subfield></datafield><datafield ind1=" " ind2=" " tag="080"><subfield code="a">53</subfield></datafield><datafield ind1="1" ind2=" " tag="100"><subfield code="a">Richtmyer, F.K</subfield></datafield><datafield ind1="1" ind2="0" tag="245"><subfield code="a">Introduction to modern physics</subfield><subfield code="c">F.k. richtmyer, e.n.kennard</subfield></datafield><datafield ind1=" " ind2=" " tag="260"><subfield code="a">New York</subfield><subfield code="b">Mcgraw-hill Book Company, Inc</subfield><subfield code="c">1947</subfield></datafield><datafield ind1=" " ind2=" " tag="300"><subfield code="a">XVII + 759 P</subfield></datafield><datafield ind1=" " ind2=" " tag="490"><subfield code="a">International Series In Pure And Applied Physics</subfield></datafield><datafield ind1="1" ind2=" " tag="700"><subfield code="a">Kennard, V</subfield></datafield><datafield ind1=" " ind2=" " tag="852"><subfield code="a">2385</subfield><subfield code="c">53</subfield></datafield><datafield ind1=" " ind2=" " tag="CAT"><subfield code="a">Sys</subfield><subfield code="c">20150112</subfield><subfield code="h">133851</subfield></datafield></record></collection>